<?xml version="1.0" encoding="UTF-8"?><collection xmlns="http://www.loc.gov/MARC21/slim"><record><leader>00470nam--2200169-i-4500</leader><controlfield tag="001">000027702</controlfield><controlfield tag="002">20161230</controlfield><controlfield tag="005">20161230201036</controlfield><controlfield tag="008">060222s1000------------r-----000-0-eng-d</controlfield><datafield ind1=" " ind2=" " tag="040"><subfield code="a">IFIN-HH</subfield></datafield><datafield ind1=" " ind2=" " tag="080"><subfield code="a">531.5</subfield></datafield><datafield ind1="1" ind2=" " tag="100"><subfield code="a">Kreuzer, Lloyd</subfield></datafield><datafield ind1="1" ind2="0" tag="245"><subfield code="a">The equivalence of active and passive gravitational mass. thesis</subfield><subfield code="c">Lloyd Kreuzer</subfield></datafield><datafield ind1=" " ind2=" " tag="260"><subfield code="a">Ann Arbor, University Microfilms, Inc., 1966,</subfield></datafield><datafield ind1=" " ind2=" " tag="300"><subfield code="a">107P</subfield></datafield><datafield ind1=" " ind2=" " tag="852"><subfield code="a">29342</subfield><subfield code="c">531</subfield></datafield><datafield ind1=" " ind2=" " tag="CAT"><subfield code="a">Sys</subfield><subfield code="c">20100623</subfield><subfield code="h">124855</subfield></datafield></record></collection>